%YAML 1.1
%TAG !u! tag:unity3d.com,2011:
--- !u!1 &4135923529616285282
GameObject:
  m_ObjectHideFlags: 0
  m_CorrespondingSourceObject: {fileID: 0}
  m_PrefabInstance: {fileID: 0}
  m_PrefabAsset: {fileID: 0}
  serializedVersion: 6
  m_Component:
  - component: {fileID: 4135923529616285283}
  - component: {fileID: 4135923529616285308}
  m_Layer: 0
  m_Name: le
  m_TagString: Untagged
  m_Icon: {fileID: 0}
  m_NavMeshLayer: 0
  m_StaticEditorFlags: 0
  m_IsActive: 1
--- !u!4 &4135923529616285283
Transform:
  m_ObjectHideFlags: 0
  m_CorrespondingSourceObject: {fileID: 0}
  m_PrefabInstance: {fileID: 0}
  m_PrefabAsset: {fileID: 0}
  m_GameObject: {fileID: 4135923529616285282}
  m_LocalRotation: {x: -0, y: -0, z: -0, w: 1}
  m_LocalPosition: {x: 0.43999997, y: -4.66, z: 0}
  m_LocalScale: {x: 1, y: 1, z: 1}
  m_Children: []
  m_Father: {fileID: 4135923531526867556}
  m_RootOrder: 7
  m_LocalEulerAnglesHint: {x: 0, y: 0, z: 0}
--- !u!212 &4135923529616285308
SpriteRenderer:
  m_ObjectHideFlags: 0
  m_CorrespondingSourceObject: {fileID: 0}
  m_PrefabInstance: {fileID: 0}
  m_PrefabAsset: {fileID: 0}
  m_GameObject: {fileID: 4135923529616285282}
  m_Enabled: 1
  m_CastShadows: 0
  m_ReceiveShadows: 0
  m_DynamicOccludee: 1
  m_MotionVectors: 1
  m_LightProbeUsage: 1
  m_ReflectionProbeUsage: 1
  m_RenderingLayerMask: 1
  m_RendererPriority: 0
  m_Materials:
  - {fileID: 2100000, guid: 692b93e5a96370d49a791a5dab518141, type: 2}
  m_StaticBatchInfo:
    firstSubMesh: 0
    subMeshCount: 0
  m_StaticBatchRoot: {fileID: 0}
  m_ProbeAnchor: {fileID: 0}
  m_LightProbeVolumeOverride: {fileID: 0}
  m_ScaleInLightmap: 1
  m_ReceiveGI: 1
  m_PreserveUVs: 0
  m_IgnoreNormalsForChartDetection: 0
  m_ImportantGI: 0
  m_StitchLightmapSeams: 1
  m_SelectedEditorRenderState: 0
  m_MinimumChartSize: 4
  m_AutoUVMaxDistance: 0.5
  m_AutoUVMaxAngle: 89
  m_LightmapParameters: {fileID: 0}
  m_SortingLayerID: 0
  m_SortingLayer: 0
  m_SortingOrder: 0
  m_Sprite: {fileID: 21300000, guid: 53760115f117f844ba6eaf40a488c6af, type: 3}
  m_Color: {r: 1, g: 1, b: 1, a: 1}
  m_FlipX: 0
  m_FlipY: 0
  m_DrawMode: 0
  m_Size: {x: 0.36, y: 0.43}
  m_AdaptiveModeThreshold: 0.5
  m_SpriteTileMode: 0
  m_WasSpriteAssigned: 1
  m_MaskInteraction: 0
  m_SpriteSortPoint: 0
--- !u!1 &4135923530089416246
GameObject:
  m_ObjectHideFlags: 0
  m_CorrespondingSourceObject: {fileID: 0}
  m_PrefabInstance: {fileID: 0}
  m_PrefabAsset: {fileID: 0}
  serializedVersion: 6
  m_Component:
  - component: {fileID: 4135923530089416247}
  - component: {fileID: 4135923530089416240}
  m_Layer: 0
  m_Name: levelup!
  m_TagString: Untagged
  m_Icon: {fileID: 0}
  m_NavMeshLayer: 0
  m_StaticEditorFlags: 0
  m_IsActive: 1
--- !u!4 &4135923530089416247
Transform:
  m_ObjectHideFlags: 0
  m_CorrespondingSourceObject: {fileID: 0}
  m_PrefabInstance: {fileID: 0}
  m_PrefabAsset: {fileID: 0}
  m_GameObject: {fileID: 4135923530089416246}
  m_LocalRotation: {x: -0, y: -0, z: -0, w: 1}
  m_LocalPosition: {x: 2.94, y: -4.55, z: 0}
  m_LocalScale: {x: 1, y: 1, z: 1}
  m_Children: []
  m_Father: {fileID: 4135923531526867556}
  m_RootOrder: 6
  m_LocalEulerAnglesHint: {x: 0, y: 0, z: 0}
--- !u!212 &4135923530089416240
SpriteRenderer:
  m_ObjectHideFlags: 0
  m_CorrespondingSourceObject: {fileID: 0}
  m_PrefabInstance: {fileID: 0}
  m_PrefabAsset: {fileID: 0}
  m_GameObject: {fileID: 4135923530089416246}
  m_Enabled: 1
  m_CastShadows: 0
  m_ReceiveShadows: 0
  m_DynamicOccludee: 1
  m_MotionVectors: 1
  m_LightProbeUsage: 1
  m_ReflectionProbeUsage: 1
  m_RenderingLayerMask: 1
  m_RendererPriority: 0
  m_Materials:
  - {fileID: 2100000, guid: 692b93e5a96370d49a791a5dab518141, type: 2}
  m_StaticBatchInfo:
    firstSubMesh: 0
    subMeshCount: 0
  m_StaticBatchRoot: {fileID: 0}
  m_ProbeAnchor: {fileID: 0}
  m_LightProbeVolumeOverride: {fileID: 0}
  m_ScaleInLightmap: 1
  m_ReceiveGI: 1
  m_PreserveUVs: 0
  m_IgnoreNormalsForChartDetection: 0
  m_ImportantGI: 0
  m_StitchLightmapSeams: 1
  m_SelectedEditorRenderState: 0
  m_MinimumChartSize: 4
  m_AutoUVMaxDistance: 0.5
  m_AutoUVMaxAngle: 89
  m_LightmapParameters: {fileID: 0}
  m_SortingLayerID: 0
  m_SortingLayer: 0
  m_SortingOrder: 0
  m_Sprite: {fileID: 21300000, guid: 7a2ec014c9f7d8a4ca3a3d2553fec51b, type: 3}
  m_Color: {r: 1, g: 1, b: 1, a: 1}
  m_FlipX: 0
  m_FlipY: 0
  m_DrawMode: 0
  m_Size: {x: 0.15, y: 0.55}
  m_AdaptiveModeThreshold: 0.5
  m_SpriteTileMode: 0
  m_WasSpriteAssigned: 1
  m_MaskInteraction: 0
  m_SpriteSortPoint: 0
--- !u!1 &4135923530533653720
GameObject:
  m_ObjectHideFlags: 0
  m_CorrespondingSourceObject: {fileID: 0}
  m_PrefabInstance: {fileID: 0}
  m_PrefabAsset: {fileID: 0}
  serializedVersion: 6
  m_Component:
  - component: {fileID: 4135923530533653721}
  - component: {fileID: 4135923530533653722}
  m_Layer: 0
  m_Name: levelup
  m_TagString: Untagged
  m_Icon: {fileID: 0}
  m_NavMeshLayer: 0
  m_StaticEditorFlags: 0
  m_IsActive: 1
--- !u!4 &4135923530533653721
Transform:
  m_ObjectHideFlags: 0
  m_CorrespondingSourceObject: {fileID: 0}
  m_PrefabInstance: {fileID: 0}
  m_PrefabAsset: {fileID: 0}
  m_GameObject: {fileID: 4135923530533653720}
  m_LocalRotation: {x: -0, y: -0, z: -0, w: 1}
  m_LocalPosition: {x: 2.54, y: -4.68, z: 0}
  m_LocalScale: {x: 1, y: 1, z: 1}
  m_Children: []
  m_Father: {fileID: 4135923531526867556}
  m_RootOrder: 5
  m_LocalEulerAnglesHint: {x: 0, y: 0, z: 0}
--- !u!212 &4135923530533653722
SpriteRenderer:
  m_ObjectHideFlags: 0
  m_CorrespondingSourceObject: {fileID: 0}
  m_PrefabInstance: {fileID: 0}
  m_PrefabAsset: {fileID: 0}
  m_GameObject: {fileID: 4135923530533653720}
  m_Enabled: 1
  m_CastShadows: 0
  m_ReceiveShadows: 0
  m_DynamicOccludee: 1
  m_MotionVectors: 1
  m_LightProbeUsage: 1
  m_ReflectionProbeUsage: 1
  m_RenderingLayerMask: 1
  m_RendererPriority: 0
  m_Materials:
  - {fileID: 2100000, guid: 692b93e5a96370d49a791a5dab518141, type: 2}
  m_StaticBatchInfo:
    firstSubMesh: 0
    subMeshCount: 0
  m_StaticBatchRoot: {fileID: 0}
  m_ProbeAnchor: {fileID: 0}
  m_LightProbeVolumeOverride: {fileID: 0}
  m_ScaleInLightmap: 1
  m_ReceiveGI: 1
  m_PreserveUVs: 0
  m_IgnoreNormalsForChartDetection: 0
  m_ImportantGI: 0
  m_StitchLightmapSeams: 1
  m_SelectedEditorRenderState: 0
  m_MinimumChartSize: 4
  m_AutoUVMaxDistance: 0.5
  m_AutoUVMaxAngle: 89
  m_LightmapParameters: {fileID: 0}
  m_SortingLayerID: 0
  m_SortingLayer: 0
  m_SortingOrder: 0
  m_Sprite: {fileID: 21300000, guid: d9e1b1ec03b10614a973f6f0627714a6, type: 3}
  m_Color: {r: 1, g: 1, b: 1, a: 1}
  m_FlipX: 0
  m_FlipY: 0
  m_DrawMode: 0
  m_Size: {x: 0.42, y: 0.59}
  m_AdaptiveModeThreshold: 0.5
  m_SpriteTileMode: 0
  m_WasSpriteAssigned: 1
  m_MaskInteraction: 0
  m_SpriteSortPoint: 0
--- !u!1 &4135923530646136371
GameObject:
  m_ObjectHideFlags: 0
  m_CorrespondingSourceObject: {fileID: 0}
  m_PrefabInstance: {fileID: 0}
  m_PrefabAsset: {fileID: 0}
  serializedVersion: 6
  m_Component:
  - component: {fileID: 4135923530646136524}
  - component: {fileID: 4135923530646136525}
  m_Layer: 0
  m_Name: e
  m_TagString: Untagged
  m_Icon: {fileID: 0}
  m_NavMeshLayer: 0
  m_StaticEditorFlags: 0
  m_IsActive: 1
--- !u!4 &4135923530646136524
Transform:
  m_ObjectHideFlags: 0
  m_CorrespondingSourceObject: {fileID: 0}
  m_PrefabInstance: {fileID: 0}
  m_PrefabAsset: {fileID: 0}
  m_GameObject: {fileID: 4135923530646136371}
  m_LocalRotation: {x: -0, y: -0, z: -0, w: 1}
  m_LocalPosition: {x: 1.24, y: -4.64, z: 0.2}
  m_LocalScale: {x: 1, y: 1, z: 1}
  m_Children: []
  m_Father: {fileID: 4135923531526867556}
  m_RootOrder: 2
  m_LocalEulerAnglesHint: {x: 0, y: 0, z: 0}
--- !u!212 &4135923530646136525
SpriteRenderer:
  m_ObjectHideFlags: 0
  m_CorrespondingSourceObject: {fileID: 0}
  m_PrefabInstance: {fileID: 0}
  m_PrefabAsset: {fileID: 0}
  m_GameObject: {fileID: 4135923530646136371}
  m_Enabled: 1
  m_CastShadows: 0
  m_ReceiveShadows: 0
  m_DynamicOccludee: 1
  m_MotionVectors: 1
  m_LightProbeUsage: 1
  m_ReflectionProbeUsage: 1
  m_RenderingLayerMask: 1
  m_RendererPriority: 0
  m_Materials:
  - {fileID: 2100000, guid: 692b93e5a96370d49a791a5dab518141, type: 2}
  m_StaticBatchInfo:
    firstSubMesh: 0
    subMeshCount: 0
  m_StaticBatchRoot: {fileID: 0}
  m_ProbeAnchor: {fileID: 0}
  m_LightProbeVolumeOverride: {fileID: 0}
  m_ScaleInLightmap: 1
  m_ReceiveGI: 1
  m_PreserveUVs: 0
  m_IgnoreNormalsForChartDetection: 0
  m_ImportantGI: 0
  m_StitchLightmapSeams: 1
  m_SelectedEditorRenderState: 0
  m_MinimumChartSize: 4
  m_AutoUVMaxDistance: 0.5
  m_AutoUVMaxAngle: 89
  m_LightmapParameters: {fileID: 0}
  m_SortingLayerID: 0
  m_SortingLayer: 0
  m_SortingOrder: 0
  m_Sprite: {fileID: 21300000, guid: 53760115f117f844ba6eaf40a488c6af, type: 3}
  m_Color: {r: 1, g: 1, b: 1, a: 1}
  m_FlipX: 0
  m_FlipY: 0
  m_DrawMode: 0
  m_Size: {x: 0.36, y: 0.43}
  m_AdaptiveModeThreshold: 0.5
  m_SpriteTileMode: 0
  m_WasSpriteAssigned: 1
  m_MaskInteraction: 0
  m_SpriteSortPoint: 0
--- !u!1 &4135923530656803744
GameObject:
  m_ObjectHideFlags: 0
  m_CorrespondingSourceObject: {fileID: 0}
  m_PrefabInstance: {fileID: 0}
  m_PrefabAsset: {fileID: 0}
  serializedVersion: 6
  m_Component:
  - component: {fileID: 4135923530656803745}
  - component: {fileID: 4135923530656803746}
  m_Layer: 0
  m_Name: levelu
  m_TagString: Untagged
  m_Icon: {fileID: 0}
  m_NavMeshLayer: 0
  m_StaticEditorFlags: 0
  m_IsActive: 1
--- !u!4 &4135923530656803745
Transform:
  m_ObjectHideFlags: 0
  m_CorrespondingSourceObject: {fileID: 0}
  m_PrefabInstance: {fileID: 0}
  m_PrefabAsset: {fileID: 0}
  m_GameObject: {fileID: 4135923530656803744}
  m_LocalRotation: {x: -0, y: -0, z: -0, w: 1}
  m_LocalPosition: {x: 2.1399999, y: -4.6, z: 0.2}
  m_LocalScale: {x: 1, y: 1, z: 1}
  m_Children: []
  m_Father: {fileID: 4135923531526867556}
  m_RootOrder: 4
  m_LocalEulerAnglesHint: {x: 0, y: 0, z: 0}
--- !u!212 &4135923530656803746
SpriteRenderer:
  m_ObjectHideFlags: 0
  m_CorrespondingSourceObject: {fileID: 0}
  m_PrefabInstance: {fileID: 0}
  m_PrefabAsset: {fileID: 0}
  m_GameObject: {fileID: 4135923530656803744}
  m_Enabled: 1
  m_CastShadows: 0
  m_ReceiveShadows: 0
  m_DynamicOccludee: 1
  m_MotionVectors: 1
  m_LightProbeUsage: 1
  m_ReflectionProbeUsage: 1
  m_RenderingLayerMask: 1
  m_RendererPriority: 0
  m_Materials:
  - {fileID: 2100000, guid: 692b93e5a96370d49a791a5dab518141, type: 2}
  m_StaticBatchInfo:
    firstSubMesh: 0
    subMeshCount: 0
  m_StaticBatchRoot: {fileID: 0}
  m_ProbeAnchor: {fileID: 0}
  m_LightProbeVolumeOverride: {fileID: 0}
  m_ScaleInLightmap: 1
  m_ReceiveGI: 1
  m_PreserveUVs: 0
  m_IgnoreNormalsForChartDetection: 0
  m_ImportantGI: 0
  m_StitchLightmapSeams: 1
  m_SelectedEditorRenderState: 0
  m_MinimumChartSize: 4
  m_AutoUVMaxDistance: 0.5
  m_AutoUVMaxAngle: 89
  m_LightmapParameters: {fileID: 0}
  m_SortingLayerID: 0
  m_SortingLayer: 0
  m_SortingOrder: 0
  m_Sprite: {fileID: 21300000, guid: 63339bc5cee2ebc40a357cc294770802, type: 3}
  m_Color: {r: 1, g: 1, b: 1, a: 1}
  m_FlipX: 0
  m_FlipY: 0
  m_DrawMode: 0
  m_Size: {x: 0.45, y: 0.53}
  m_AdaptiveModeThreshold: 0.5
  m_SpriteTileMode: 0
  m_WasSpriteAssigned: 1
  m_MaskInteraction: 0
  m_SpriteSortPoint: 0
--- !u!1 &4135923530936004494
GameObject:
  m_ObjectHideFlags: 0
  m_CorrespondingSourceObject: {fileID: 0}
  m_PrefabInstance: {fileID: 0}
  m_PrefabAsset: {fileID: 0}
  serializedVersion: 6
  m_Component:
  - component: {fileID: 4135923530936004495}
  - component: {fileID: 4135923530936004488}
  m_Layer: 0
  m_Name: lev
  m_TagString: Untagged
  m_Icon: {fileID: 0}
  m_NavMeshLayer: 0
  m_StaticEditorFlags: 0
  m_IsActive: 1
--- !u!4 &4135923530936004495
Transform:
  m_ObjectHideFlags: 0
  m_CorrespondingSourceObject: {fileID: 0}
  m_PrefabInstance: {fileID: 0}
  m_PrefabAsset: {fileID: 0}
  m_GameObject: {fileID: 4135923530936004494}
  m_LocalRotation: {x: -0, y: -0, z: -0, w: 1}
  m_LocalPosition: {x: 0.84000003, y: -4.63, z: 0.2}
  m_LocalScale: {x: 1, y: 1, z: 1}
  m_Children: []
  m_Father: {fileID: 4135923531526867556}
  m_RootOrder: 1
  m_LocalEulerAnglesHint: {x: 0, y: 0, z: 0}
--- !u!212 &4135923530936004488
SpriteRenderer:
  m_ObjectHideFlags: 0
  m_CorrespondingSourceObject: {fileID: 0}
  m_PrefabInstance: {fileID: 0}
  m_PrefabAsset: {fileID: 0}
  m_GameObject: {fileID: 4135923530936004494}
  m_Enabled: 1
  m_CastShadows: 0
  m_ReceiveShadows: 0
  m_DynamicOccludee: 1
  m_MotionVectors: 1
  m_LightProbeUsage: 1
  m_ReflectionProbeUsage: 1
  m_RenderingLayerMask: 1
  m_RendererPriority: 0
  m_Materials:
  - {fileID: 2100000, guid: 692b93e5a96370d49a791a5dab518141, type: 2}
  m_StaticBatchInfo:
    firstSubMesh: 0
    subMeshCount: 0
  m_StaticBatchRoot: {fileID: 0}
  m_ProbeAnchor: {fileID: 0}
  m_LightProbeVolumeOverride: {fileID: 0}
  m_ScaleInLightmap: 1
  m_ReceiveGI: 1
  m_PreserveUVs: 0
  m_IgnoreNormalsForChartDetection: 0
  m_ImportantGI: 0
  m_StitchLightmapSeams: 1
  m_SelectedEditorRenderState: 0
  m_MinimumChartSize: 4
  m_AutoUVMaxDistance: 0.5
  m_AutoUVMaxAngle: 89
  m_LightmapParameters: {fileID: 0}
  m_SortingLayerID: 0
  m_SortingLayer: 0
  m_SortingOrder: 0
  m_Sprite: {fileID: 21300000, guid: 5be9e34b07337df4d963518b9bf13343, type: 3}
  m_Color: {r: 1, g: 1, b: 1, a: 1}
  m_FlipX: 0
  m_FlipY: 0
  m_DrawMode: 0
  m_Size: {x: 0.36, y: 0.38}
  m_AdaptiveModeThreshold: 0.5
  m_SpriteTileMode: 0
  m_WasSpriteAssigned: 1
  m_MaskInteraction: 0
  m_SpriteSortPoint: 0
--- !u!1 &4135923531353673942
GameObject:
  m_ObjectHideFlags: 0
  m_CorrespondingSourceObject: {fileID: 0}
  m_PrefabInstance: {fileID: 0}
  m_PrefabAsset: {fileID: 0}
  serializedVersion: 6
  m_Component:
  - component: {fileID: 4135923531353673943}
  - component: {fileID: 4135923531353673936}
  m_Layer: 0
  m_Name: level
  m_TagString: Untagged
  m_Icon: {fileID: 0}
  m_NavMeshLayer: 0
  m_StaticEditorFlags: 0
  m_IsActive: 1
--- !u!4 &4135923531353673943
Transform:
  m_ObjectHideFlags: 0
  m_CorrespondingSourceObject: {fileID: 0}
  m_PrefabInstance: {fileID: 0}
  m_PrefabAsset: {fileID: 0}
  m_GameObject: {fileID: 4135923531353673942}
  m_LocalRotation: {x: -0, y: -0, z: -0, w: 1}
  m_LocalPosition: {x: 1.64, y: -4.62, z: 0.2}
  m_LocalScale: {x: 1, y: 1, z: 1}
  m_Children: []
  m_Father: {fileID: 4135923531526867556}
  m_RootOrder: 3
  m_LocalEulerAnglesHint: {x: 0, y: 0, z: 0}
--- !u!212 &4135923531353673936
SpriteRenderer:
  m_ObjectHideFlags: 0
  m_CorrespondingSourceObject: {fileID: 0}
  m_PrefabInstance: {fileID: 0}
  m_PrefabAsset: {fileID: 0}
  m_GameObject: {fileID: 4135923531353673942}
  m_Enabled: 1
  m_CastShadows: 0
  m_ReceiveShadows: 0
  m_DynamicOccludee: 1
  m_MotionVectors: 1
  m_LightProbeUsage: 1
  m_ReflectionProbeUsage: 1
  m_RenderingLayerMask: 1
  m_RendererPriority: 0
  m_Materials:
  - {fileID: 2100000, guid: 692b93e5a96370d49a791a5dab518141, type: 2}
  m_StaticBatchInfo:
    firstSubMesh: 0
    subMeshCount: 0
  m_StaticBatchRoot: {fileID: 0}
  m_ProbeAnchor: {fileID: 0}
  m_LightProbeVolumeOverride: {fileID: 0}
  m_ScaleInLightmap: 1
  m_ReceiveGI: 1
  m_PreserveUVs: 0
  m_IgnoreNormalsForChartDetection: 0
  m_ImportantGI: 0
  m_StitchLightmapSeams: 1
  m_SelectedEditorRenderState: 0
  m_MinimumChartSize: 4
  m_AutoUVMaxDistance: 0.5
  m_AutoUVMaxAngle: 89
  m_LightmapParameters: {fileID: 0}
  m_SortingLayerID: 0
  m_SortingLayer: 0
  m_SortingOrder: 0
  m_Sprite: {fileID: 21300000, guid: e3ecbd9eed5f10a4d91b805b13f9e65d, type: 3}
  m_Color: {r: 1, g: 1, b: 1, a: 1}
  m_FlipX: 0
  m_FlipY: 0
  m_DrawMode: 0
  m_Size: {x: 0.2, y: 0.53}
  m_AdaptiveModeThreshold: 0.5
  m_SpriteTileMode: 0
  m_WasSpriteAssigned: 1
  m_MaskInteraction: 0
  m_SpriteSortPoint: 0
--- !u!1 &4135923531380368710
GameObject:
  m_ObjectHideFlags: 0
  m_CorrespondingSourceObject: {fileID: 0}
  m_PrefabInstance: {fileID: 0}
  m_PrefabAsset: {fileID: 0}
  serializedVersion: 6
  m_Component:
  - component: {fileID: 4135923531380368711}
  - component: {fileID: 4135923531380368704}
  m_Layer: 0
  m_Name: L
  m_TagString: Untagged
  m_Icon: {fileID: 0}
  m_NavMeshLayer: 0
  m_StaticEditorFlags: 0
  m_IsActive: 1
--- !u!4 &4135923531380368711
Transform:
  m_ObjectHideFlags: 0
  m_CorrespondingSourceObject: {fileID: 0}
  m_PrefabInstance: {fileID: 0}
  m_PrefabAsset: {fileID: 0}
  m_GameObject: {fileID: 4135923531380368710}
  m_LocalRotation: {x: -0, y: -0, z: -0, w: 1}
  m_LocalPosition: {x: -1.4200001, y: -4.7999997, z: -0.3}
  m_LocalScale: {x: 1, y: 1, z: 1}
  m_Children: []
  m_Father: {fileID: 4135923531526867556}
  m_RootOrder: 0
  m_LocalEulerAnglesHint: {x: 0, y: 0, z: 0}
--- !u!212 &4135923531380368704
SpriteRenderer:
  m_ObjectHideFlags: 0
  m_CorrespondingSourceObject: {fileID: 0}
  m_PrefabInstance: {fileID: 0}
  m_PrefabAsset: {fileID: 0}
  m_GameObject: {fileID: 4135923531380368710}
  m_Enabled: 1
  m_CastShadows: 0
  m_ReceiveShadows: 0
  m_DynamicOccludee: 1
  m_MotionVectors: 1
  m_LightProbeUsage: 1
  m_ReflectionProbeUsage: 1
  m_RenderingLayerMask: 1
  m_RendererPriority: 0
  m_Materials:
  - {fileID: 2100000, guid: 692b93e5a96370d49a791a5dab518141, type: 2}
  m_StaticBatchInfo:
    firstSubMesh: 0
    subMeshCount: 0
  m_StaticBatchRoot: {fileID: 0}
  m_ProbeAnchor: {fileID: 0}
  m_LightProbeVolumeOverride: {fileID: 0}
  m_ScaleInLightmap: 1
  m_ReceiveGI: 1
  m_PreserveUVs: 0
  m_IgnoreNormalsForChartDetection: 0
  m_ImportantGI: 0
  m_StitchLightmapSeams: 1
  m_SelectedEditorRenderState: 0
  m_MinimumChartSize: 4
  m_AutoUVMaxDistance: 0.5
  m_AutoUVMaxAngle: 89
  m_LightmapParameters: {fileID: 0}
  m_SortingLayerID: 0
  m_SortingLayer: 0
  m_SortingOrder: 0
  m_Sprite: {fileID: 21300000, guid: ff2079bc3675ca544b50eb0eab6e75eb, type: 3}
  m_Color: {r: 1, g: 1, b: 1, a: 1}
  m_FlipX: 0
  m_FlipY: 0
  m_DrawMode: 0
  m_Size: {x: 0.31, y: 0.52}
  m_AdaptiveModeThreshold: 0.5
  m_SpriteTileMode: 0
  m_WasSpriteAssigned: 1
  m_MaskInteraction: 0
  m_SpriteSortPoint: 1
--- !u!1 &4135923531526867561
GameObject:
  m_ObjectHideFlags: 0
  m_CorrespondingSourceObject: {fileID: 0}
  m_PrefabInstance: {fileID: 0}
  m_PrefabAsset: {fileID: 0}
  serializedVersion: 6
  m_Component:
  - component: {fileID: 4135923531526867556}
  - component: {fileID: 4135923531526867563}
  m_Layer: 0
  m_Name: "\u0448\u0430\u043F\u043A\u0430"
  m_TagString: Untagged
  m_Icon: {fileID: 0}
  m_NavMeshLayer: 0
  m_StaticEditorFlags: 0
  m_IsActive: 1
--- !u!4 &4135923531526867556
Transform:
  m_ObjectHideFlags: 0
  m_CorrespondingSourceObject: {fileID: 0}
  m_PrefabInstance: {fileID: 0}
  m_PrefabAsset: {fileID: 0}
  m_GameObject: {fileID: 4135923531526867561}
  m_LocalRotation: {x: -0, y: -0, z: -0, w: 1}
  m_LocalPosition: {x: -0.08, y: 0, z: 0}
  m_LocalScale: {x: 1, y: 1, z: 1}
  m_Children:
  - {fileID: 4135923531380368711}
  - {fileID: 4135923530936004495}
  - {fileID: 4135923530646136524}
  - {fileID: 4135923531353673943}
  - {fileID: 4135923530656803745}
  - {fileID: 4135923530533653721}
  - {fileID: 4135923530089416247}
  - {fileID: 4135923529616285283}
  m_Father: {fileID: 1974612250155357764}
  m_RootOrder: 0
  m_LocalEulerAnglesHint: {x: 0, y: 0, z: 0}
--- !u!212 &4135923531526867563
SpriteRenderer:
  m_ObjectHideFlags: 0
  m_CorrespondingSourceObject: {fileID: 0}
  m_PrefabInstance: {fileID: 0}
  m_PrefabAsset: {fileID: 0}
  m_GameObject: {fileID: 4135923531526867561}
  m_Enabled: 1
  m_CastShadows: 0
  m_ReceiveShadows: 0
  m_DynamicOccludee: 1
  m_MotionVectors: 1
  m_LightProbeUsage: 1
  m_ReflectionProbeUsage: 1
  m_RenderingLayerMask: 1
  m_RendererPriority: 0
  m_Materials:
  - {fileID: 2100000, guid: 692b93e5a96370d49a791a5dab518141, type: 2}
  m_StaticBatchInfo:
    firstSubMesh: 0
    subMeshCount: 0
  m_StaticBatchRoot: {fileID: 0}
  m_ProbeAnchor: {fileID: 0}
  m_LightProbeVolumeOverride: {fileID: 0}
  m_ScaleInLightmap: 1
  m_ReceiveGI: 1
  m_PreserveUVs: 0
  m_IgnoreNormalsForChartDetection: 0
  m_ImportantGI: 0
  m_StitchLightmapSeams: 1
  m_SelectedEditorRenderState: 0
  m_MinimumChartSize: 4
  m_AutoUVMaxDistance: 0.5
  m_AutoUVMaxAngle: 89
  m_LightmapParameters: {fileID: 0}
  m_SortingLayerID: 0
  m_SortingLayer: 0
  m_SortingOrder: 0
  m_Sprite: {fileID: 21300000, guid: 0e3341e5cbb60e347a124a602f59e542, type: 3}
  m_Color: {r: 1, g: 1, b: 1, a: 1}
  m_FlipX: 0
  m_FlipY: 0
  m_DrawMode: 0
  m_Size: {x: 6.48, y: 1.82}
  m_AdaptiveModeThreshold: 0.5
  m_SpriteTileMode: 0
  m_WasSpriteAssigned: 1
  m_MaskInteraction: 0
  m_SpriteSortPoint: 0
--- !u!1 &8496190869250859982
GameObject:
  m_ObjectHideFlags: 0
  m_CorrespondingSourceObject: {fileID: 0}
  m_PrefabInstance: {fileID: 0}
  m_PrefabAsset: {fileID: 0}
  serializedVersion: 6
  m_Component:
  - component: {fileID: 1974612250155357764}
  - component: {fileID: 5931944349395024770}
  m_Layer: 0
  m_Name: levelup
  m_TagString: Untagged
  m_Icon: {fileID: 0}
  m_NavMeshLayer: 0
  m_StaticEditorFlags: 0
  m_IsActive: 1
--- !u!4 &1974612250155357764
Transform:
  m_ObjectHideFlags: 0
  m_CorrespondingSourceObject: {fileID: 0}
  m_PrefabInstance: {fileID: 0}
  m_PrefabAsset: {fileID: 0}
  m_GameObject: {fileID: 8496190869250859982}
  m_LocalRotation: {x: 0, y: 0, z: 0, w: 1}
  m_LocalPosition: {x: 0.04, y: 5.55, z: 0}
  m_LocalScale: {x: 1, y: 1, z: 1}
  m_Children:
  - {fileID: 4135923531526867556}
  - {fileID: 4135923530042006405}
  m_Father: {fileID: 0}
  m_RootOrder: 0
  m_LocalEulerAnglesHint: {x: 0, y: 0, z: 0}
--- !u!95 &5931944349395024770
Animator:
  serializedVersion: 3
  m_ObjectHideFlags: 0
  m_CorrespondingSourceObject: {fileID: 0}
  m_PrefabInstance: {fileID: 0}
  m_PrefabAsset: {fileID: 0}
  m_GameObject: {fileID: 8496190869250859982}
  m_Enabled: 1
  m_Avatar: {fileID: 0}
  m_Controller: {fileID: 9100000, guid: 1c665882faf04874f93326a4396d58fa, type: 2}
  m_CullingMode: 0
  m_UpdateMode: 0
  m_ApplyRootMotion: 0
  m_LinearVelocityBlending: 0
  m_WarningMessage: 
  m_HasTransformHierarchy: 1
  m_AllowConstantClipSamplingOptimization: 1
  m_KeepAnimatorControllerStateOnDisable: 0
--- !u!1001 &5420454978813866805
PrefabInstance:
  m_ObjectHideFlags: 0
  serializedVersion: 2
  m_Modification:
    m_TransformParent: {fileID: 1974612250155357764}
    m_Modifications:
    - target: {fileID: 8240623716529596592, guid: 86996834a71923646bb33ca1e96bee00,
        type: 3}
      propertyPath: m_LocalPosition.x
      value: 0
      objectReference: {fileID: 0}
    - target: {fileID: 8240623716529596592, guid: 86996834a71923646bb33ca1e96bee00,
        type: 3}
      propertyPath: m_LocalPosition.y
      value: 1.21
      objectReference: {fileID: 0}
    - target: {fileID: 8240623716529596592, guid: 86996834a71923646bb33ca1e96bee00,
        type: 3}
      propertyPath: m_LocalPosition.z
      value: 0.41
      objectReference: {fileID: 0}
    - target: {fileID: 8240623716529596592, guid: 86996834a71923646bb33ca1e96bee00,
        type: 3}
      propertyPath: m_LocalRotation.x
      value: 0.7071068
      objectReference: {fileID: 0}
    - target: {fileID: 8240623716529596592, guid: 86996834a71923646bb33ca1e96bee00,
        type: 3}
      propertyPath: m_LocalRotation.y
      value: -0
      objectReference: {fileID: 0}
    - target: {fileID: 8240623716529596592, guid: 86996834a71923646bb33ca1e96bee00,
        type: 3}
      propertyPath: m_LocalRotation.z
      value: -0
      objectReference: {fileID: 0}
    - target: {fileID: 8240623716529596592, guid: 86996834a71923646bb33ca1e96bee00,
        type: 3}
      propertyPath: m_LocalRotation.w
      value: 0.7071068
      objectReference: {fileID: 0}
    - target: {fileID: 8240623716529596592, guid: 86996834a71923646bb33ca1e96bee00,
        type: 3}
      propertyPath: m_RootOrder
      value: 1
      objectReference: {fileID: 0}
    - target: {fileID: 8240623716529596592, guid: 86996834a71923646bb33ca1e96bee00,
        type: 3}
      propertyPath: m_LocalEulerAnglesHint.x
      value: 90
      objectReference: {fileID: 0}
    - target: {fileID: 8240623716529596592, guid: 86996834a71923646bb33ca1e96bee00,
        type: 3}
      propertyPath: m_LocalEulerAnglesHint.y
      value: 0
      objectReference: {fileID: 0}
    - target: {fileID: 8240623716529596592, guid: 86996834a71923646bb33ca1e96bee00,
        type: 3}
      propertyPath: m_LocalEulerAnglesHint.z
      value: 0
      objectReference: {fileID: 0}
    - target: {fileID: 8240623716529596592, guid: 86996834a71923646bb33ca1e96bee00,
        type: 3}
      propertyPath: m_LocalScale.y
      value: 0.20000039
      objectReference: {fileID: 0}
    - target: {fileID: 8240623716529596592, guid: 86996834a71923646bb33ca1e96bee00,
        type: 3}
      propertyPath: m_LocalScale.z
      value: 0.20000039
      objectReference: {fileID: 0}
    - target: {fileID: 8240623716529596593, guid: 86996834a71923646bb33ca1e96bee00,
        type: 3}
      propertyPath: InitialModule.startSpeed.maxCurve.m_Curve.Array.size
      value: 3
      objectReference: {fileID: 0}
    - target: {fileID: 8240623716529596593, guid: 86996834a71923646bb33ca1e96bee00,
        type: 3}
      propertyPath: ClampVelocityModule.magnitude.minCurve.m_Curve.Array.size
      value: 3
      objectReference: {fileID: 0}
    - target: {fileID: 8240623716529596593, guid: 86996834a71923646bb33ca1e96bee00,
        type: 3}
      propertyPath: ClampVelocityModule.magnitude.maxCurve.m_Curve.Array.size
      value: 3
      objectReference: {fileID: 0}
    - target: {fileID: 8240623716529596593, guid: 86996834a71923646bb33ca1e96bee00,
        type: 3}
      propertyPath: VelocityModule.radial.minCurve.m_Curve.Array.size
      value: 3
      objectReference: {fileID: 0}
    - target: {fileID: 8240623716529596593, guid: 86996834a71923646bb33ca1e96bee00,
        type: 3}
      propertyPath: VelocityModule.radial.maxCurve.m_Curve.Array.size
      value: 3
      objectReference: {fileID: 0}
    - target: {fileID: 8240623716529596593, guid: 86996834a71923646bb33ca1e96bee00,
        type: 3}
      propertyPath: VelocityModule.speedModifier.minCurve.m_Curve.Array.size
      value: 3
      objectReference: {fileID: 0}
    - target: {fileID: 8240623716529596593, guid: 86996834a71923646bb33ca1e96bee00,
        type: 3}
      propertyPath: VelocityModule.speedModifier.maxCurve.m_Curve.Array.size
      value: 3
      objectReference: {fileID: 0}
    - target: {fileID: 8240623716529596593, guid: 86996834a71923646bb33ca1e96bee00,
        type: 3}
      propertyPath: looping
      value: 0
      objectReference: {fileID: 0}
    - target: {fileID: 8240623716529596593, guid: 86996834a71923646bb33ca1e96bee00,
        type: 3}
      propertyPath: lengthInSec
      value: 2
      objectReference: {fileID: 0}
    - target: {fileID: 8240623716529596593, guid: 86996834a71923646bb33ca1e96bee00,
        type: 3}
      propertyPath: startDelay.scalar
      value: 0
      objectReference: {fileID: 0}
    - target: {fileID: 8240623716529596593, guid: 86996834a71923646bb33ca1e96bee00,
        type: 3}
      propertyPath: prewarm
      value: 0
      objectReference: {fileID: 0}
    - target: {fileID: 8240623716529596593, guid: 86996834a71923646bb33ca1e96bee00,
        type: 3}
      propertyPath: NoiseModule.strength.scalar
      value: 2
      objectReference: {fileID: 0}
    - target: {fileID: 8240623716529596593, guid: 86996834a71923646bb33ca1e96bee00,
        type: 3}
      propertyPath: NoiseModule.scrollSpeed.scalar
      value: 1
      objectReference: {fileID: 0}
    - target: {fileID: 8240623716529596593, guid: 86996834a71923646bb33ca1e96bee00,
        type: 3}
      propertyPath: InitialModule.startSpeed.minScalar
      value: 1
      objectReference: {fileID: 0}
    - target: {fileID: 8240623716529596593, guid: 86996834a71923646bb33ca1e96bee00,
        type: 3}
      propertyPath: InitialModule.startSpeed.scalar
      value: 3
      objectReference: {fileID: 0}
    - target: {fileID: 8240623716529596593, guid: 86996834a71923646bb33ca1e96bee00,
        type: 3}
      propertyPath: InitialModule.startLifetime.minScalar
      value: 3
      objectReference: {fileID: 0}
    - target: {fileID: 8240623716529596593, guid: 86996834a71923646bb33ca1e96bee00,
        type: 3}
      propertyPath: InitialModule.startLifetime.scalar
      value: 1
      objectReference: {fileID: 0}
    - target: {fileID: 8240623716529596593, guid: 86996834a71923646bb33ca1e96bee00,
        type: 3}
      propertyPath: NoiseModule.frequency
      value: 0.5
      objectReference: {fileID: 0}
    - target: {fileID: 8240623716529596593, guid: 86996834a71923646bb33ca1e96bee00,
        type: 3}
      propertyPath: ClampVelocityModule.dampen
      value: 0.017
      objectReference: {fileID: 0}
    - target: {fileID: 8240623716529596593, guid: 86996834a71923646bb33ca1e96bee00,
        type: 3}
      propertyPath: InitialModule.size3D
      value: 0
      objectReference: {fileID: 0}
    - target: {fileID: 8240623716529596593, guid: 86996834a71923646bb33ca1e96bee00,
        type: 3}
      propertyPath: ShapeModule.type
      value: 5
      objectReference: {fileID: 0}
    - target: {fileID: 8240623716529596593, guid: 86996834a71923646bb33ca1e96bee00,
        type: 3}
      propertyPath: RotationModule.enabled
      value: 1
      objectReference: {fileID: 0}
    - target: {fileID: 8240623716529596593, guid: 86996834a71923646bb33ca1e96bee00,
        type: 3}
      propertyPath: RotationBySpeedModule.enabled
      value: 1
      objectReference: {fileID: 0}
    - target: {fileID: 8240623716529596593, guid: 86996834a71923646bb33ca1e96bee00,
        type: 3}
      propertyPath: NoiseModule.enabled
      value: 1
      objectReference: {fileID: 0}
    - target: {fileID: 8240623716529596593, guid: 86996834a71923646bb33ca1e96bee00,
        type: 3}
      propertyPath: NoiseModule.remapEnabled
      value: 0
      objectReference: {fileID: 0}
    - target: {fileID: 8240623716529596593, guid: 86996834a71923646bb33ca1e96bee00,
        type: 3}
      propertyPath: NoiseModule.remap.maxCurve.m_Curve.Array.data[0].value
      value: 1
      objectReference: {fileID: 0}
    - target: {fileID: 8240623716529596593, guid: 86996834a71923646bb33ca1e96bee00,
        type: 3}
      propertyPath: NoiseModule.remap.maxCurve.m_Curve.Array.data[0].tangentMode
      value: 0
      objectReference: {fileID: 0}
    - target: {fileID: 8240623716529596593, guid: 86996834a71923646bb33ca1e96bee00,
        type: 3}
      propertyPath: NoiseModule.remap.maxCurve.m_Curve.Array.data[1].inSlope
      value: -2
      objectReference: {fileID: 0}
    - target: {fileID: 8240623716529596593, guid: 86996834a71923646bb33ca1e96bee00,
        type: 3}
      propertyPath: NoiseModule.remap.maxCurve.m_Curve.Array.data[1].outSlope
      value: -2
      objectReference: {fileID: 0}
    - target: {fileID: 8240623716529596593, guid: 86996834a71923646bb33ca1e96bee00,
        type: 3}
      propertyPath: NoiseModule.remap.maxCurve.m_Curve.Array.data[1].tangentMode
      value: 0
      objectReference: {fileID: 0}
    - target: {fileID: 8240623716529596593, guid: 86996834a71923646bb33ca1e96bee00,
        type: 3}
      propertyPath: NoiseModule.remap.maxCurve.m_Curve.Array.data[0].inSlope
      value: 0
      objectReference: {fileID: 0}
    - target: {fileID: 8240623716529596593, guid: 86996834a71923646bb33ca1e96bee00,
        type: 3}
      propertyPath: NoiseModule.remap.maxCurve.m_Curve.Array.data[0].outSlope
      value: 0
      objectReference: {fileID: 0}
    - target: {fileID: 8240623716529596593, guid: 86996834a71923646bb33ca1e96bee00,
        type: 3}
      propertyPath: NoiseModule.remap.maxCurve.m_Curve.Array.data[1].value
      value: 0
      objectReference: {fileID: 0}
    - target: {fileID: 8240623716529596593, guid: 86996834a71923646bb33ca1e96bee00,
        type: 3}
      propertyPath: NoiseModule.positionAmount.scalar
      value: 1
      objectReference: {fileID: 0}
    - target: {fileID: 8240623716529596593, guid: 86996834a71923646bb33ca1e96bee00,
        type: 3}
      propertyPath: NoiseModule.rotationAmount.scalar
      value: 0
      objectReference: {fileID: 0}
    - target: {fileID: 8240623716529596593, guid: 86996834a71923646bb33ca1e96bee00,
        type: 3}
      propertyPath: NoiseModule.quality
      value: 1
      objectReference: {fileID: 0}
    - target: {fileID: 8240623716529596593, guid: 86996834a71923646bb33ca1e96bee00,
        type: 3}
      propertyPath: NoiseModule.strength.minMaxState
      value: 3
      objectReference: {fileID: 0}
    - target: {fileID: 8240623716529596593, guid: 86996834a71923646bb33ca1e96bee00,
        type: 3}
      propertyPath: NoiseModule.strengthY.minMaxState
      value: 3
      objectReference: {fileID: 0}
    - target: {fileID: 8240623716529596593, guid: 86996834a71923646bb33ca1e96bee00,
        type: 3}
      propertyPath: NoiseModule.strengthZ.minMaxState
      value: 3
      objectReference: {fileID: 0}
    - target: {fileID: 8240623716529596593, guid: 86996834a71923646bb33ca1e96bee00,
        type: 3}
      propertyPath: NoiseModule.strength.minScalar
      value: 0.1
      objectReference: {fileID: 0}
    - target: {fileID: 8240623716529596593, guid: 86996834a71923646bb33ca1e96bee00,
        type: 3}
      propertyPath: NoiseModule.separateAxes
      value: 1
      objectReference: {fileID: 0}
    - target: {fileID: 8240623716529596593, guid: 86996834a71923646bb33ca1e96bee00,
        type: 3}
      propertyPath: NoiseModule.strengthZ.scalar
      value: 0
      objectReference: {fileID: 0}
    - target: {fileID: 8240623716529596593, guid: 86996834a71923646bb33ca1e96bee00,
        type: 3}
      propertyPath: NoiseModule.strengthZ.minScalar
      value: 0
      objectReference: {fileID: 0}
    - target: {fileID: 8240623716529596593, guid: 86996834a71923646bb33ca1e96bee00,
        type: 3}
      propertyPath: NoiseModule.damping
      value: 1
      objectReference: {fileID: 0}
    - target: {fileID: 8240623716529596593, guid: 86996834a71923646bb33ca1e96bee00,
        type: 3}
      propertyPath: NoiseModule.scrollSpeed.minMaxState
      value: 0
      objectReference: {fileID: 0}
    - target: {fileID: 8240623716529596593, guid: 86996834a71923646bb33ca1e96bee00,
        type: 3}
      propertyPath: NoiseModule.scrollSpeed.maxCurve.m_Curve.Array.data[0].value
      value: 1
      objectReference: {fileID: 0}
    - target: {fileID: 8240623716529596593, guid: 86996834a71923646bb33ca1e96bee00,
        type: 3}
      propertyPath: NoiseModule.scrollSpeed.maxCurve.m_Curve.Array.data[0].inSlope
      value: -1
      objectReference: {fileID: 0}
    - target: {fileID: 8240623716529596593, guid: 86996834a71923646bb33ca1e96bee00,
        type: 3}
      propertyPath: NoiseModule.scrollSpeed.maxCurve.m_Curve.Array.data[0].outSlope
      value: -1
      objectReference: {fileID: 0}
    - target: {fileID: 8240623716529596593, guid: 86996834a71923646bb33ca1e96bee00,
        type: 3}
      propertyPath: NoiseModule.scrollSpeed.maxCurve.m_Curve.Array.data[0].tangentMode
      value: 34
      objectReference: {fileID: 0}
    - target: {fileID: 8240623716529596593, guid: 86996834a71923646bb33ca1e96bee00,
        type: 3}
      propertyPath: NoiseModule.scrollSpeed.maxCurve.m_Curve.Array.data[0].inWeight
      value: 0
      objectReference: {fileID: 0}
    - target: {fileID: 8240623716529596593, guid: 86996834a71923646bb33ca1e96bee00,
        type: 3}
      propertyPath: NoiseModule.scrollSpeed.maxCurve.m_Curve.Array.data[0].outWeight
      value: 0
      objectReference: {fileID: 0}
    - target: {fileID: 8240623716529596593, guid: 86996834a71923646bb33ca1e96bee00,
        type: 3}
      propertyPath: NoiseModule.scrollSpeed.maxCurve.m_Curve.Array.data[1].inSlope
      value: -1
      objectReference: {fileID: 0}
    - target: {fileID: 8240623716529596593, guid: 86996834a71923646bb33ca1e96bee00,
        type: 3}
      propertyPath: NoiseModule.scrollSpeed.maxCurve.m_Curve.Array.data[1].outSlope
      value: -1
      objectReference: {fileID: 0}
    - target: {fileID: 8240623716529596593, guid: 86996834a71923646bb33ca1e96bee00,
        type: 3}
      propertyPath: NoiseModule.scrollSpeed.maxCurve.m_Curve.Array.data[1].tangentMode
      value: 34
      objectReference: {fileID: 0}
    - target: {fileID: 8240623716529596593, guid: 86996834a71923646bb33ca1e96bee00,
        type: 3}
      propertyPath: NoiseModule.scrollSpeed.maxCurve.m_Curve.Array.data[1].inWeight
      value: 0
      objectReference: {fileID: 0}
    - target: {fileID: 8240623716529596593, guid: 86996834a71923646bb33ca1e96bee00,
        type: 3}
      propertyPath: NoiseModule.scrollSpeed.maxCurve.m_Curve.Array.data[1].outWeight
      value: 0
      objectReference: {fileID: 0}
    - target: {fileID: 8240623716529596593, guid: 86996834a71923646bb33ca1e96bee00,
        type: 3}
      propertyPath: InitialModule.startSpeed.minMaxState
      value: 3
      objectReference: {fileID: 0}
    - target: {fileID: 8240623716529596593, guid: 86996834a71923646bb33ca1e96bee00,
        type: 3}
      propertyPath: InitialModule.startSpeed.minCurve.m_Curve.Array.data[0].value
      value: 0.6882627
      objectReference: {fileID: 0}
    - target: {fileID: 8240623716529596593, guid: 86996834a71923646bb33ca1e96bee00,
        type: 3}
      propertyPath: InitialModule.startSpeed.minCurve.m_Curve.Array.data[0].time
      value: 0
      objectReference: {fileID: 0}
    - target: {fileID: 8240623716529596593, guid: 86996834a71923646bb33ca1e96bee00,
        type: 3}
      propertyPath: InitialModule.startSpeed.minCurve.m_Curve.Array.data[1].time
      value: 0.14907211
      objectReference: {fileID: 0}
    - target: {fileID: 8240623716529596593, guid: 86996834a71923646bb33ca1e96bee00,
        type: 3}
      propertyPath: InitialModule.startSpeed.minCurve.m_Curve.Array.data[1].value
      value: 0.077922046
      objectReference: {fileID: 0}
    - target: {fileID: 8240623716529596593, guid: 86996834a71923646bb33ca1e96bee00,
        type: 3}
      propertyPath: ShapeModule.radiusThickness
      value: 1
      objectReference: {fileID: 0}
    - target: {fileID: 8240623716529596593, guid: 86996834a71923646bb33ca1e96bee00,
        type: 3}
      propertyPath: InitialModule.startSpeed.maxCurve.m_Curve.Array.data[1].value
      value: 0.72805953
      objectReference: {fileID: 0}
    - target: {fileID: 8240623716529596593, guid: 86996834a71923646bb33ca1e96bee00,
        type: 3}
      propertyPath: InitialModule.startSpeed.maxCurve.m_Curve.Array.data[1].time
      value: 0.110769026
      objectReference: {fileID: 0}
    - target: {fileID: 8240623716529596593, guid: 86996834a71923646bb33ca1e96bee00,
        type: 3}
      propertyPath: InitialModule.startSpeed.maxCurve.m_Curve.Array.data[0].value
      value: 1
      objectReference: {fileID: 0}
    - target: {fileID: 8240623716529596593, guid: 86996834a71923646bb33ca1e96bee00,
        type: 3}
      propertyPath: InitialModule.startSpeed.maxCurve.m_Curve.Array.data[0].time
      value: 0
      objectReference: {fileID: 0}
    - target: {fileID: 8240623716529596593, guid: 86996834a71923646bb33ca1e96bee00,
        type: 3}
      propertyPath: InitialModule.startSpeed.maxCurve.m_Curve.Array.data[0].outWeight
      value: 0.3982231
      objectReference: {fileID: 0}
    - target: {fileID: 8240623716529596593, guid: 86996834a71923646bb33ca1e96bee00,
        type: 3}
      propertyPath: InitialModule.startSpeed.maxCurve.m_Curve.Array.data[0].inSlope
      value: 1.2324326
      objectReference: {fileID: 0}
    - target: {fileID: 8240623716529596593, guid: 86996834a71923646bb33ca1e96bee00,
        type: 3}
      propertyPath: InitialModule.startSpeed.maxCurve.m_Curve.Array.data[0].outSlope
      value: 1.2324326
      objectReference: {fileID: 0}
    - target: {fileID: 8240623716529596593, guid: 86996834a71923646bb33ca1e96bee00,
        type: 3}
      propertyPath: InitialModule.startSpeed.minCurve.m_Curve.Array.data[0].inSlope
      value: 0.6530838
      objectReference: {fileID: 0}
    - target: {fileID: 8240623716529596593, guid: 86996834a71923646bb33ca1e96bee00,
        type: 3}
      propertyPath: InitialModule.startSpeed.minCurve.m_Curve.Array.data[0].outSlope
      value: 0.6530838
      objectReference: {fileID: 0}
    - target: {fileID: 8240623716529596593, guid: 86996834a71923646bb33ca1e96bee00,
        type: 3}
      propertyPath: InitialModule.startSpeed.minCurve.m_Curve.Array.data[0].outWeight
      value: 0.43519944
      objectReference: {fileID: 0}
    - target: {fileID: 8240623716529596593, guid: 86996834a71923646bb33ca1e96bee00,
        type: 3}
      propertyPath: InitialModule.startSpeed.maxCurve.m_Curve.Array.data[1].inSlope
      value: 2.8652356
      objectReference: {fileID: 0}
    - target: {fileID: 8240623716529596593, guid: 86996834a71923646bb33ca1e96bee00,
        type: 3}
      propertyPath: InitialModule.startSpeed.maxCurve.m_Curve.Array.data[1].outSlope
      value: 2.8652356
      objectReference: {fileID: 0}
    - target: {fileID: 8240623716529596593, guid: 86996834a71923646bb33ca1e96bee00,
        type: 3}
      propertyPath: InitialModule.startSpeed.maxCurve.m_Curve.Array.data[2].time
      value: 1
      objectReference: {fileID: 0}
    - target: {fileID: 8240623716529596593, guid: 86996834a71923646bb33ca1e96bee00,
        type: 3}
      propertyPath: InitialModule.startSpeed.maxCurve.m_Curve.Array.data[2].value
      value: 0.04781735
      objectReference: {fileID: 0}
    - target: {fileID: 8240623716529596593, guid: 86996834a71923646bb33ca1e96bee00,
        type: 3}
      propertyPath: InitialModule.startSpeed.maxCurve.m_Curve.Array.data[2].inWeight
      value: 0.33333334
      objectReference: {fileID: 0}
    - target: {fileID: 8240623716529596593, guid: 86996834a71923646bb33ca1e96bee00,
        type: 3}
      propertyPath: InitialModule.startSpeed.maxCurve.m_Curve.Array.data[2].outWeight
      value: 0.33333334
      objectReference: {fileID: 0}
    - target: {fileID: 8240623716529596593, guid: 86996834a71923646bb33ca1e96bee00,
        type: 3}
      propertyPath: InitialModule.startSpeed.maxCurve.m_Curve.Array.data[1].outWeight
      value: 0.050227307
      objectReference: {fileID: 0}
    - target: {fileID: 8240623716529596593, guid: 86996834a71923646bb33ca1e96bee00,
        type: 3}
      propertyPath: ClampVelocityModule.magnitude.minMaxState
      value: 0
      objectReference: {fileID: 0}
    - target: {fileID: 8240623716529596593, guid: 86996834a71923646bb33ca1e96bee00,
        type: 3}
      propertyPath: ClampVelocityModule.magnitude.minCurve.m_Curve.Array.data[0].value
      value: 0.8378379
      objectReference: {fileID: 0}
    - target: {fileID: 8240623716529596593, guid: 86996834a71923646bb33ca1e96bee00,
        type: 3}
      propertyPath: ClampVelocityModule.magnitude.minCurve.m_Curve.Array.data[0].time
      value: 0.00085874426
      objectReference: {fileID: 0}
    - target: {fileID: 8240623716529596593, guid: 86996834a71923646bb33ca1e96bee00,
        type: 3}
      propertyPath: ClampVelocityModule.magnitude.scalar
      value: 1
      objectReference: {fileID: 0}
    - target: {fileID: 8240623716529596593, guid: 86996834a71923646bb33ca1e96bee00,
        type: 3}
      propertyPath: ClampVelocityModule.magnitude.minCurve.m_Curve.Array.data[0].inSlope
      value: -2.052573
      objectReference: {fileID: 0}
    - target: {fileID: 8240623716529596593, guid: 86996834a71923646bb33ca1e96bee00,
        type: 3}
      propertyPath: ClampVelocityModule.magnitude.minCurve.m_Curve.Array.data[0].outSlope
      value: -2.052573
      objectReference: {fileID: 0}
    - target: {fileID: 8240623716529596593, guid: 86996834a71923646bb33ca1e96bee00,
        type: 3}
      propertyPath: ClampVelocityModule.magnitude.minCurve.m_Curve.Array.data[0].outWeight
      value: 0.039502233
      objectReference: {fileID: 0}
    - target: {fileID: 8240623716529596593, guid: 86996834a71923646bb33ca1e96bee00,
        type: 3}
      propertyPath: ClampVelocityModule.magnitude.maxCurve.m_Curve.Array.data[1].time
      value: 0.05839373
      objectReference: {fileID: 0}
    - target: {fileID: 8240623716529596593, guid: 86996834a71923646bb33ca1e96bee00,
        type: 3}
      propertyPath: ClampVelocityModule.magnitude.maxCurve.m_Curve.Array.data[2].time
      value: 1
      objectReference: {fileID: 0}
    - target: {fileID: 8240623716529596593, guid: 86996834a71923646bb33ca1e96bee00,
        type: 3}
      propertyPath: ClampVelocityModule.magnitude.maxCurve.m_Curve.Array.data[2].value
      value: 1
      objectReference: {fileID: 0}
    - target: {fileID: 8240623716529596593, guid: 86996834a71923646bb33ca1e96bee00,
        type: 3}
      propertyPath: ClampVelocityModule.magnitude.maxCurve.m_Curve.Array.data[2].inWeight
      value: 0.33333334
      objectReference: {fileID: 0}
    - target: {fileID: 8240623716529596593, guid: 86996834a71923646bb33ca1e96bee00,
        type: 3}
      propertyPath: ClampVelocityModule.magnitude.maxCurve.m_Curve.Array.data[2].outWeight
      value: 0.33333334
      objectReference: {fileID: 0}
    - target: {fileID: 8240623716529596593, guid: 86996834a71923646bb33ca1e96bee00,
        type: 3}
      propertyPath: ClampVelocityModule.magnitude.maxCurve.m_Curve.Array.data[1].inSlope
      value: -2.969128
      objectReference: {fileID: 0}
    - target: {fileID: 8240623716529596593, guid: 86996834a71923646bb33ca1e96bee00,
        type: 3}
      propertyPath: ClampVelocityModule.magnitude.maxCurve.m_Curve.Array.data[1].outSlope
      value: -2.969128
      objectReference: {fileID: 0}
    - target: {fileID: 8240623716529596593, guid: 86996834a71923646bb33ca1e96bee00,
        type: 3}
      propertyPath: ClampVelocityModule.magnitude.maxCurve.m_Curve.Array.data[1].outWeight
      value: 0.0479859
      objectReference: {fileID: 0}
    - target: {fileID: 8240623716529596593, guid: 86996834a71923646bb33ca1e96bee00,
        type: 3}
      propertyPath: ClampVelocityModule.magnitude.maxCurve.m_Curve.Array.data[1].value
      value: 0.5810821
      objectReference: {fileID: 0}
    - target: {fileID: 8240623716529596593, guid: 86996834a71923646bb33ca1e96bee00,
        type: 3}
      propertyPath: ClampVelocityModule.magnitude.minCurve.m_Curve.Array.data[1].time
      value: 0.0642104
      objectReference: {fileID: 0}
    - target: {fileID: 8240623716529596593, guid: 86996834a71923646bb33ca1e96bee00,
        type: 3}
      propertyPath: ClampVelocityModule.magnitude.minCurve.m_Curve.Array.data[1].value
      value: 0.44057637
      objectReference: {fileID: 0}
    - target: {fileID: 8240623716529596593, guid: 86996834a71923646bb33ca1e96bee00,
        type: 3}
      propertyPath: ClampVelocityModule.magnitude.minCurve.m_Curve.Array.data[1].inSlope
      value: -1.491805
      objectReference: {fileID: 0}
    - target: {fileID: 8240623716529596593, guid: 86996834a71923646bb33ca1e96bee00,
        type: 3}
      propertyPath: ClampVelocityModule.magnitude.minCurve.m_Curve.Array.data[1].outSlope
      value: -1.491805
      objectReference: {fileID: 0}
    - target: {fileID: 8240623716529596593, guid: 86996834a71923646bb33ca1e96bee00,
        type: 3}
      propertyPath: ClampVelocityModule.magnitude.minCurve.m_Curve.Array.data[2].time
      value: 1
      objectReference: {fileID: 0}
    - target: {fileID: 8240623716529596593, guid: 86996834a71923646bb33ca1e96bee00,
        type: 3}
      propertyPath: ClampVelocityModule.magnitude.minCurve.m_Curve.Array.data[2].value
      value: 1
      objectReference: {fileID: 0}
    - target: {fileID: 8240623716529596593, guid: 86996834a71923646bb33ca1e96bee00,
        type: 3}
      propertyPath: ClampVelocityModule.magnitude.minCurve.m_Curve.Array.data[2].inWeight
      value: 0.33333334
      objectReference: {fileID: 0}
    - target: {fileID: 8240623716529596593, guid: 86996834a71923646bb33ca1e96bee00,
        type: 3}
      propertyPath: ClampVelocityModule.magnitude.minCurve.m_Curve.Array.data[2].outWeight
      value: 0.33333334
      objectReference: {fileID: 0}
    - target: {fileID: 8240623716529596593, guid: 86996834a71923646bb33ca1e96bee00,
        type: 3}
      propertyPath: VelocityModule.enabled
      value: 1
      objectReference: {fileID: 0}
    - target: {fileID: 8240623716529596593, guid: 86996834a71923646bb33ca1e96bee00,
        type: 3}
      propertyPath: VelocityModule.speedModifier.minMaxState
      value: 2
      objectReference: {fileID: 0}
    - target: {fileID: 8240623716529596593, guid: 86996834a71923646bb33ca1e96bee00,
        type: 3}
      propertyPath: VelocityModule.radial.minMaxState
      value: 0
      objectReference: {fileID: 0}
    - target: {fileID: 8240623716529596593, guid: 86996834a71923646bb33ca1e96bee00,
        type: 3}
      propertyPath: VelocityModule.radial.scalar
      value: 0
      objectReference: {fileID: 0}
    - target: {fileID: 8240623716529596593, guid: 86996834a71923646bb33ca1e96bee00,
        type: 3}
      propertyPath: VelocityModule.radial.minCurve.m_Curve.Array.data[0].time
      value: 0.0011634827
      objectReference: {fileID: 0}
    - target: {fileID: 8240623716529596593, guid: 86996834a71923646bb33ca1e96bee00,
        type: 3}
      propertyPath: VelocityModule.radial.minCurve.m_Curve.Array.data[0].value
      value: 1
      objectReference: {fileID: 0}
    - target: {fileID: 8240623716529596593, guid: 86996834a71923646bb33ca1e96bee00,
        type: 3}
      propertyPath: VelocityModule.radial.maxCurve.m_Curve.Array.data[0].time
      value: 0
      objectReference: {fileID: 0}
    - target: {fileID: 8240623716529596593, guid: 86996834a71923646bb33ca1e96bee00,
        type: 3}
      propertyPath: VelocityModule.radial.maxCurve.m_Curve.Array.data[0].value
      value: 0.6464584
      objectReference: {fileID: 0}
    - target: {fileID: 8240623716529596593, guid: 86996834a71923646bb33ca1e96bee00,
        type: 3}
      propertyPath: VelocityModule.radial.minCurve.m_Curve.Array.data[1].time
      value: 0.09417913
      objectReference: {fileID: 0}
    - target: {fileID: 8240623716529596593, guid: 86996834a71923646bb33ca1e96bee00,
        type: 3}
      propertyPath: VelocityModule.radial.minCurve.m_Curve.Array.data[1].value
      value: 0.05352521
      objectReference: {fileID: 0}
    - target: {fileID: 8240623716529596593, guid: 86996834a71923646bb33ca1e96bee00,
        type: 3}
      propertyPath: VelocityModule.radial.minCurve.m_Curve.Array.data[1].inSlope
      value: -0.32447782
      objectReference: {fileID: 0}
    - target: {fileID: 8240623716529596593, guid: 86996834a71923646bb33ca1e96bee00,
        type: 3}
      propertyPath: VelocityModule.radial.minCurve.m_Curve.Array.data[1].outSlope
      value: -0.32447782
      objectReference: {fileID: 0}
    - target: {fileID: 8240623716529596593, guid: 86996834a71923646bb33ca1e96bee00,
        type: 3}
      propertyPath: VelocityModule.radial.minCurve.m_Curve.Array.data[2].time
      value: 1
      objectReference: {fileID: 0}
    - target: {fileID: 8240623716529596593, guid: 86996834a71923646bb33ca1e96bee00,
        type: 3}
      propertyPath: VelocityModule.radial.minCurve.m_Curve.Array.data[2].inWeight
      value: 0.33333334
      objectReference: {fileID: 0}
    - target: {fileID: 8240623716529596593, guid: 86996834a71923646bb33ca1e96bee00,
        type: 3}
      propertyPath: VelocityModule.radial.minCurve.m_Curve.Array.data[2].outWeight
      value: 0.33333334
      objectReference: {fileID: 0}
    - target: {fileID: 8240623716529596593, guid: 86996834a71923646bb33ca1e96bee00,
        type: 3}
      propertyPath: VelocityModule.radial.maxCurve.m_Curve.Array.data[1].time
      value: 0.10097408
      objectReference: {fileID: 0}
    - target: {fileID: 8240623716529596593, guid: 86996834a71923646bb33ca1e96bee00,
        type: 3}
      propertyPath: VelocityModule.radial.maxCurve.m_Curve.Array.data[1].value
      value: 0.10633308
      objectReference: {fileID: 0}
    - target: {fileID: 8240623716529596593, guid: 86996834a71923646bb33ca1e96bee00,
        type: 3}
      propertyPath: VelocityModule.radial.maxCurve.m_Curve.Array.data[1].inSlope
      value: -0.47386995
      objectReference: {fileID: 0}
    - target: {fileID: 8240623716529596593, guid: 86996834a71923646bb33ca1e96bee00,
        type: 3}
      propertyPath: VelocityModule.radial.maxCurve.m_Curve.Array.data[1].outSlope
      value: -0.47386995
      objectReference: {fileID: 0}
    - target: {fileID: 8240623716529596593, guid: 86996834a71923646bb33ca1e96bee00,
        type: 3}
      propertyPath: VelocityModule.radial.maxCurve.m_Curve.Array.data[2].time
      value: 1
      objectReference: {fileID: 0}
    - target: {fileID: 8240623716529596593, guid: 86996834a71923646bb33ca1e96bee00,
        type: 3}
      propertyPath: VelocityModule.radial.maxCurve.m_Curve.Array.data[2].inWeight
      value: 0.33333334
      objectReference: {fileID: 0}
    - target: {fileID: 8240623716529596593, guid: 86996834a71923646bb33ca1e96bee00,
        type: 3}
      propertyPath: VelocityModule.radial.maxCurve.m_Curve.Array.data[2].outWeight
      value: 0.33333334
      objectReference: {fileID: 0}
    - target: {fileID: 8240623716529596593, guid: 86996834a71923646bb33ca1e96bee00,
        type: 3}
      propertyPath: VelocityModule.speedModifier.scalar
      value: 7
      objectReference: {fileID: 0}
    - target: {fileID: 8240623716529596593, guid: 86996834a71923646bb33ca1e96bee00,
        type: 3}
      propertyPath: VelocityModule.speedModifier.minCurve.m_Curve.Array.data[1].time
      value: 0.5027614
      objectReference: {fileID: 0}
    - target: {fileID: 8240623716529596593, guid: 86996834a71923646bb33ca1e96bee00,
        type: 3}
      propertyPath: VelocityModule.speedModifier.minCurve.m_Curve.Array.data[2].time
      value: 1
      objectReference: {fileID: 0}
    - target: {fileID: 8240623716529596593, guid: 86996834a71923646bb33ca1e96bee00,
        type: 3}
      propertyPath: VelocityModule.speedModifier.minCurve.m_Curve.Array.data[2].value
      value: 0.89265764
      objectReference: {fileID: 0}
    - target: {fileID: 8240623716529596593, guid: 86996834a71923646bb33ca1e96bee00,
        type: 3}
      propertyPath: VelocityModule.speedModifier.minCurve.m_Curve.Array.data[2].inWeight
      value: 0.33333334
      objectReference: {fileID: 0}
    - target: {fileID: 8240623716529596593, guid: 86996834a71923646bb33ca1e96bee00,
        type: 3}
      propertyPath: VelocityModule.speedModifier.minCurve.m_Curve.Array.data[2].outWeight
      value: 0.33333334
      objectReference: {fileID: 0}
    - target: {fileID: 8240623716529596593, guid: 86996834a71923646bb33ca1e96bee00,
        type: 3}
      propertyPath: VelocityModule.speedModifier.minCurve.m_Curve.Array.data[1].value
      value: 0.37775502
      objectReference: {fileID: 0}
    - target: {fileID: 8240623716529596593, guid: 86996834a71923646bb33ca1e96bee00,
        type: 3}
      propertyPath: VelocityModule.speedModifier.minCurve.m_Curve.Array.data[0].value
      value: 0.5405407
      objectReference: {fileID: 0}
    - target: {fileID: 8240623716529596593, guid: 86996834a71923646bb33ca1e96bee00,
        type: 3}
      propertyPath: VelocityModule.speedModifier.maxCurve.m_Curve.Array.data[1].time
      value: 0.49892858
      objectReference: {fileID: 0}
    - target: {fileID: 8240623716529596593, guid: 86996834a71923646bb33ca1e96bee00,
        type: 3}
      propertyPath: VelocityModule.speedModifier.maxCurve.m_Curve.Array.data[2].time
      value: 0.99652296
      objectReference: {fileID: 0}
    - target: {fileID: 8240623716529596593, guid: 86996834a71923646bb33ca1e96bee00,
        type: 3}
      propertyPath: VelocityModule.speedModifier.maxCurve.m_Curve.Array.data[2].value
      value: 0.57831705
      objectReference: {fileID: 0}
    - target: {fileID: 8240623716529596593, guid: 86996834a71923646bb33ca1e96bee00,
        type: 3}
      propertyPath: VelocityModule.speedModifier.maxCurve.m_Curve.Array.data[2].inWeight
      value: 0.33333334
      objectReference: {fileID: 0}
    - target: {fileID: 8240623716529596593, guid: 86996834a71923646bb33ca1e96bee00,
        type: 3}
      propertyPath: VelocityModule.speedModifier.maxCurve.m_Curve.Array.data[2].outWeight
      value: 0.33333334
      objectReference: {fileID: 0}
    - target: {fileID: 8240623716529596593, guid: 86996834a71923646bb33ca1e96bee00,
        type: 3}
      propertyPath: VelocityModule.speedModifier.maxCurve.m_Curve.Array.data[1].value
      value: -0.20219207
      objectReference: {fileID: 0}
    - target: {fileID: 8240623716529596593, guid: 86996834a71923646bb33ca1e96bee00,
        type: 3}
      propertyPath: VelocityModule.orbitalOffsetX.scalar
      value: 0
      objectReference: {fileID: 0}
    - target: {fileID: 8240623716529596593, guid: 86996834a71923646bb33ca1e96bee00,
        type: 3}
      propertyPath: VelocityModule.x.scalar
      value: 0
      objectReference: {fileID: 0}
    - target: {fileID: 8240623716529596593, guid: 86996834a71923646bb33ca1e96bee00,
        type: 3}
      propertyPath: EmissionModule.rateOverTime.scalar
      value: 50
      objectReference: {fileID: 0}
    - target: {fileID: 8240623716529596593, guid: 86996834a71923646bb33ca1e96bee00,
        type: 3}
      propertyPath: VelocityModule.speedModifier.minCurve.m_Curve.Array.data[1].inSlope
      value: -2.284772
      objectReference: {fileID: 0}
    - target: {fileID: 8240623716529596593, guid: 86996834a71923646bb33ca1e96bee00,
        type: 3}
      propertyPath: VelocityModule.speedModifier.minCurve.m_Curve.Array.data[1].outSlope
      value: -2.284772
      objectReference: {fileID: 0}
    - target: {fileID: 8240623716529596593, guid: 86996834a71923646bb33ca1e96bee00,
        type: 3}
      propertyPath: VelocityModule.speedModifier.minCurve.m_Curve.Array.data[1].outWeight
      value: 0.14386225
      objectReference: {fileID: 0}
    - target: {fileID: 8240623716529596595, guid: 86996834a71923646bb33ca1e96bee00,
        type: 3}
      propertyPath: m_Enabled
      value: 0
      objectReference: {fileID: 0}
    - target: {fileID: 8240623716529596607, guid: 86996834a71923646bb33ca1e96bee00,
        type: 3}
      propertyPath: m_Name
      value: Particle System
      objectReference: {fileID: 0}
    m_RemovedComponents:
    - {fileID: 8240623716529596595, guid: 86996834a71923646bb33ca1e96bee00, type: 3}
  m_SourcePrefab: {fileID: 100100000, guid: 86996834a71923646bb33ca1e96bee00, type: 3}
--- !u!4 &4135923530042006405 stripped
Transform:
  m_CorrespondingSourceObject: {fileID: 8240623716529596592, guid: 86996834a71923646bb33ca1e96bee00,
    type: 3}
  m_PrefabInstance: {fileID: 5420454978813866805}
  m_PrefabAsset: {fileID: 0}
